
@article{ad-wood-2003,
  author    = {Christopher Anderson and Sophia Drossopoulou},
  title     = {{BabyJ}: from Object Based to Class Based Programming via Types},
  journal   = {{WOOD}},
  volume    = {82},
  number    = {7},
  pages     = {53--81},
  year      = {2003}
}

@softwareversion{gf-tag-sound-repo,
  title={tag-sound},
  author={Ben Greenman and Matthias Felleisen},
  swhid={swh:1:dir:cd0b0abeee707e57cd699e2e2ebd075da8ebf1f7;origin=https://github.com/nuprl/tag-sound;visit=swh:1:snp:7967bc0abee8bf3bfffb9252207a07b73538525a;anchor=swh:1:rev:4cc09ca228947a99c8f4ac45eefb76e96ee96e53},
  repository={https://github.com/nuprl/tag-sound},
  version={4cc09ca},
  date={2020}
}

